@Misc{numpy,
title =    {{Numpy}: Base N-dimensional array package},
howpublished = {\url{http://www.numpy.org/}},
}
@electronic{dhs2011,
 author = {Rubino, Daniel},
 editor = {{U.S Department of Homeland Security}},
 title = {The Future of Science as Public Service},
 url = {https://www.dhs.gov/news/2011/03/14/future-science-public-service},
 urldate = {14.03.2011},
 originalyear = {14.03.2011}
}

@Misc{opencv,
title =    {{OpenCV}: {Open} Source {Computer} {Vision} library},
howpublished = {\url{http://opencv.org/}},
}

@Misc{forbes2015thomsen,
  author={Thomsen, Micheal},
  title={Microsoft's Deep Learning Project Outperforms Humans In Image Recognition},
  editor={Forbes Magazine},
  month={February},
  year={2015},
  url={https://www.forbes.com/sites/michaelthomsen/2015/02/19/microsofts-deep-learning-project-outperforms-humans-in-image-recognition/#6826a7ce740b},
  note={[Online; posted 18-February-2015 08:15 AM]}
}

@Misc{eetimes2015johnson,
  author={Johnson, Colin R.},
  title={Deep learning algorithms compete at ImageNet challenge},
  editor={EE Times},
  month={February},
  year={2015},
  url={http://www.eetimes.com/document.asp?doc_id=1325712},
  note={[Online; posted 19-February-2015 01:06 PM]}
}

@article{scikitlearn,
 title={Scikit-learn: Machine Learning in {P}ython},
 author={Pedregosa, F. and Varoquaux, G. and Gramfort, A. and Michel, V.
         and Thirion, B. and Grisel, O. and Blondel, M. and Prettenhofer, P.
         and Weiss, R. and Dubourg, V. and Vanderplas, J. and Passos, A. and
         Cournapeau, D. and Brucher, M. and Perrot, M. and Duchesnay, E.},
 journal={Journal of Machine Learning Research},
 volume={12},
 pages={2825--2830},
 year={2011}
}

@incollection{hassaballah2016image,
  title={Image Features Detection, Description and Matching},
  author={Hassaballah, M and Abdelmgeid, Aly Amin and Alshazly, Hammam A},
  booktitle={Image Feature Detectors and Descriptors},
  pages={11--45},
  year={2016},
  publisher={Springer}
}

@misc{pascal-voc-2012,
	author = "Everingham, M. and Van~Gool, L. and Williams, C. K. I. and Winn, J. and Zisserman, A.",
	title = "The {PASCAL} {V}isual {O}bject {C}lasses {C}hallenge 2012 {(VOC2012)} {R}esults",
	howpublished = "http://www.pascal-network.org/challenges/VOC/voc2012/workshop/index.html"}
    
@inproceedings{zhou2014learning,
  title={Learning deep features for scene recognition using places database},
  author={Zhou, Bolei and Lapedriza, Agata and Xiao, Jianxiong and Torralba, Antonio and Oliva, Aude},
  booktitle={Advances in neural information processing systems},
  pages={487--495},
  year={2014}
}

@inproceedings{proc2009forensics,
  author={Kara Nance, Brian Hay, Matt Bishop},
  title={Digital Forensics: Defining a Research Agenda},
  booktitle={Proceedings of the 42nd Hawaii International Conference on System Sciences},
  year={2009},
  publisher={IEEE}
  }

@inproceedings{proc2010forensics,
  author={Simson Garfinkel},
  title={Digital Forensics Research: The Next 10 Years},
  booktitle={The Digital Forensics Conference},
  journal={Digital Investigations},
  number={7},
  pages={64--73},
  year={2010},
  publisher={Elsevier}
  }

@article{li2010optimol,
  title={Optimol: automatic online picture collection via incremental model learning},
  author={Li, Li-Jia and Fei-Fei, Li},
  journal={International journal of computer vision},
  volume={88},
  number={2},
  pages={147--168},
  year={2010},
  publisher={Springer}
}

@inproceedings{koskela2014convolutional,
  title={Convolutional network features for scene recognition},
  author={Koskela, Markus and Laaksonen, Jorma},
  booktitle={Proceedings of the 22nd ACM international conference on Multimedia},
  pages={1169--1172},
  year={2014},
  organization={ACM}
}

@article{nagaraja2015low,
  title={Low-Level Features for Image Retrieval Based on Extraction of Directional Binary Patterns and Its Oriented Gradients Histogram},
  author={Nagaraja, S and Prabhakar, CJ},
  journal={arXiv preprint arXiv:1503.03606},
  year={2015}
}

@article{subrahmanyam2013modified,
  title={Modified color motif co-occurrence matrix for image indexing and retrieval},
  author={Subrahmanyam, M and Wu, QM Jonathan and Maheshwari, RP and Balasubramanian, R},
  journal={Computers \& Electrical Engineering},
  volume={39},
  number={3},
  pages={762--774},
  year={2013},
  publisher={Elsevier}
}

@article{chen2009using,
  title={Using stacked generalization to combine SVMs in magnitude and shape feature spaces for classification of hyperspectral data},
  author={Chen, Jin and Wang, Cheng and Wang, Runsheng},
  journal={IEEE Transactions on Geoscience and Remote Sensing},
  volume={47},
  number={7},
  pages={2193--2205},
  year={2009},
  publisher={IEEE}
}

@inproceedings{banda2014image,
  title={Image retrieval on compressed images: Can we tell the difference?},
  author={Banda, Juan M and Angryk, Rafal A and Schuh, Michael A and Martens, Petrus C},
  booktitle={Image Processing Theory, Tools and Applications (IPTA), 2014 4th International Conference on},
  pages={1--6},
  year={2014},
  organization={IEEE}
}

@article{smeulders2000semantic,
  title={Content-Based Image Retrieval at the End of the Early Years},
  author={Smeulders, Arnold W.M. and Worring, Marcel and Santini, Simone and Gupta, Amarnath and Jainm Ramesh},
  journal={IEEE Transactions on Pattern analysis and machine intelligence},
  volume={22},
  number={12},
  pages={1349--1380},
  year={2000},
  publisher={IEEE}
}

@book{gurney1997introduction,
  title={An introduction to neural networks},
  author={Gurney, Kevin},
  year={1997},
  publisher={CRC press}
}

@article{russell1991neural,
  title={Neural networks in the undergraduate curriculum},
  author={Russell, Ingrid F},
  journal={Journal of Computing Sciences in Colleges},
  volume={6},
  number={5},
  pages={92--97},
  year={1991},
  publisher={Consortium for Computing Sciences in Colleges}
}

@article{wang2015new,
  title={A new SVM-based active feedback scheme for image retrieval},
  author={Wang, Xiang-Yang and Yang, Hong-Ying and Li, Yong-Wei and Li, Wei-Yi and Chen, Jing-Wei},
  journal={Engineering Applications of Artificial Intelligence},
  volume={37},
  pages={43--53},
  year={2015},
  publisher={Elsevier}
}

@inproceedings{he2015delving,
  title={Delving deep into rectifiers: Surpassing human-level performance on imagenet classification},
  author={He, Kaiming and Zhang, Xiangyu and Ren, Shaoqing and Sun, Jian},
  booktitle={Proceedings of the IEEE international conference on computer vision},
  pages={1026--1034},
  year={2015}
}

@inproceedings{dalal2005histograms,
  title={Histograms of oriented gradients for human detection},
  author={Dalal, Navneet and Triggs, Bill},
  booktitle={Computer Vision and Pattern Recognition, 2005. CVPR 2005. IEEE Computer Society Conference on},
  volume={1},
  pages={886--893},
  year={2005},
  organization={IEEE}
}

@article{nflTheorem,
  title={No Free Lunch Theorems for Optimization},
  author={Wolpert, David H. and Macready, William G.},
  journal={Transactions on evolutionary computation},
  volume={1},
  number={1},
  pages={67--82},
  year={1997},
  organization={IEEE}
}

@article{kundu2015graph,
  title={A graph-based relevance feedback mechanism in content-based image retrieval},
  author={Kundu, Malay Kumar and Chowdhury, Manish and Bul{\`o}, Samuel Rota},
  journal={Knowledge-Based Systems},
  volume={73},
  pages={254--264},
  year={2015},
  publisher={Elsevier}
}

@article{kim2003ensembleSVM,
  title={Constructing support vector machine ensemble},
  author={Kim, Hyun-Chul and Pang, Shaoning and Je, Hong-Mo and Kim, Daijin and Bang, Sung Yang},
  journal={Pattern recognition},
  volume={36},
  number={12},
  pages={2757--2767},
  year={2003},
  publisher={Elsevier}
}

@article{cheng2001color,
  title={Color image segmentation: advances and prospects},
  author={Cheng, Heng-Da and Jiang, XH and Sun, Ying and Wang, Jingli},
  journal={Pattern recognition},
  volume={34},
  number={12},
  pages={2259--2281},
  year={2001},
  publisher={Elsevier}
}

@article{pavani2010haar,
  title={Haar-like features with optimally weighted rectangles for rapid object detection},
  author={Pavani, Sri-Kaushik and Delgado, David and Frangi, Alejandro F},
  journal={Pattern Recognition},
  volume={43},
  number={1},
  pages={160--172},
  year={2010},
  publisher={Elsevier}
}

@article{IRJET2017relevancefeedback,
  title={A Survey on Different Relevance Feedback Techniques in Content
Based Image Retrieval},
  author={Athira Mohanan, Sabitha Raju},
  journal={International Research Journal of Engineering and Technology},
  volume={04},
  number={02},
  pages={582--585},
  year={2017},
  organization={IRJET}
}

@article{SMMR2016comparisionClassificationMethods,
  title={Study And Review Of Various Image Classification Methods For Diabetes Mellitus Detection},
  author={Manaswi A. Kadam, Kiran S. Kadge, Soniya S. Mane, Shweta P. Naikwadi, Mrs. V. C. Kulloli},
  journal={Statistical Methods in Medical Research},
  volume={25},
  pages={1804--1823},
  year={2016},
  organization={SMMR},
  publisher={SAGE}
}

@article{Informatica2007revClassification,
  title={Supervised Machine Learning: A Review of Classification Techniques},
  author={S. B. Kotsiantis},
  journal={Informatica},
  volume={31},
  pages={249--268},
  year={2007},
  organization={Department of Computer Science and Technology, University of Peloponnese, Greece},
  publisher={Informatica}
}

@article{IRJET2017classificationMethods,
  title={A comparison of machine learning methods for classification using simulation with multiple real data examples from mental health studies},
  author={Mizanur Khondoker, Richard Dobson, Caroline Skirrow, Andrew Simmons and Daniel Stahl},
  journal={International Research Journal of Engineering and Technology},
  volume={03},
  number={01},
  pages={814--820},
  year={2016},
  organization={IRJET}
}

@article{ImageNetChallenge,
  title={ImageNet Large Scale Visual Recognition Challenge},
  author={Olga Russakovsky* et al},
  journal={arXiv:1409.0575v3 [cs.CV]},
  year={2015},
  publisher={arXiv}
}

@article{everingham2011pascal,
  title={The pascal visual object classes challenge 2012 (voc2012) development kit},
  author={Everingham, Mark and Winn, John},
  journal={Pattern Analysis, Statistical Modelling and Computational Learning, Tech. Rep},
  year={2012}
}

@article{prajapatiedge,
  title={Edge Histogram Descriptor, Geometric Moment and Sobel Edge Detector Combined Features Based Object Recognition and Retrieval System},
  author={Prajapati, Neetesh and Nandanwar, Amit Kumar}
}

@inproceedings{su2011coldimage,
  title={CoLDImage: Contrast and luminance distribution for content-based image retrieval},
  author={Su, Qingkun and Huang, Yan and Peng, Jingliang},
  booktitle={Image Analysis and Signal Processing (IASP), 2011 International Conference on},
  pages={143--146},
  year={2011},
  organization={IEEE}
}

@article{maini2009study,
  title={Study and comparison of various image edge detection techniques},
  author={Maini, Raman and Aggarwal, Himanshu},
  journal={International journal of image processing (IJIP)},
  volume={3},
  number={1},
  pages={1--11},
  year={2009}
}

@misc{kotsiantis2007supervised,
  title={Supervised machine learning: A review of classification techniques},
  author={Kotsiantis, Sotiris B and Zaharakis, I and Pintelas, P},
  year={2007}
}

@article{kadam2016study,
  title={Study And Review Of Various Image Classification Methods For Diabetes Mellitus Detection},
  author={Kadam, Manaswi A and Kadge, Kiran S and Mane, Soniya S and Naikwadi, Shweta P and Kulloli, Mrs VC},
  year={2016}
}

@book{Mitchell:1997:ML:541177,
 author = {Mitchell, Thomas M.},
 title = {Machine Learning},
 year = {1997},
 isbn = {0070428077, 9780070428072},
 edition = {1},
 pages = {2},
 publisher = {McGraw-Hill, Inc.},
 address = {New York, NY, USA},
} 

@book{cord2008machine,
  title={Machine learning techniques for multimedia: case studies on organization and retrieval},
  author={Cord, Matthieu and Cunningham, P{\'a}draig},
  year={2008},
  publisher={Springer Science \& Business Media}
}

@article{grofman1983thirteen,
  title={Thirteen theorems in search of the truth},
  author={Grofman, Bernard and Owen, Guillermo and Feld, Scott L},
  journal={Theory and Decision},
  volume={15},
  number={3},
  pages={261--278},
  year={1983},
  publisher={Springer}
}

@inproceedings{cunningham2000diversity,
  title={Diversity versus quality in classification ensembles based on feature selection},
  author={Cunningham, Padraig and Carney, John},
  booktitle={European Conference on Machine Learning},
  pages={109--116},
  year={2000},
  organization={Springer}
}

@article{krogh1995neural,
  title={Neural network ensembles, cross validation, and active learning},
  author={Krogh, Anders and Vedelsby, Jesper and others},
  journal={Advances in neural information processing systems},
  volume={7},
  pages={231--238},
  year={1995},
  publisher={MORGAN KAUFMANN PUBLISHERS}
}

@article{vert2005kernel,
  title={Kernel methods in genomics and computational biology},
  author={Vert, Jean-Philippe},
  year={2005}
}

@inproceedings{nan2015content,
  title={Content-based image retrieval using local texture-based color histogram},
  author={Nan, Bingfei and Xu, Ye and Mu, Zhichun and Chen, Long},
  booktitle={Cybernetics (CYBCONF), 2015 IEEE 2nd International Conference on},
  pages={399--405},
  year={2015},
  organization={IEEE}
}

@article{liu2011image,
  title={Image retrieval based on micro-structure descriptor},
  author={Liu, Guang-Hai and Li, Zuo-Yong and Zhang, Lei and Xu, Yong},
  journal={Pattern Recognition},
  volume={44},
  number={9},
  pages={2123--2133},
  year={2011},
  publisher={Elsevier}
}

@inproceedings{desai2016image,
  title={An Image Retrieval using combined approach Wavelets and Local Binary Pattern},
  author={Desai, Padmashree and Pujari, Jagadeesh and Kinnikar, Anita},
  booktitle={Proceedings of the International Conference on Informatics and Analytics},
  pages={67},
  year={2016},
  organization={ACM}
}

@article{chen2005clue,
  title={CLUE: cluster-based retrieval of images by unsupervised learning},
  author={Chen, Yixin and Wang, James Ze and Krovetz, Robert},
  journal={IEEE transactions on Image Processing},
  volume={14},
  number={8},
  pages={1187--1201},
  year={2005},
  publisher={IEEE}
}

@article{wang2001simplicity,
  title={SIMPLIcity: Semantics-sensitive integrated matching for picture libraries},
  author={Wang, James Ze and Li, Jia and Wiederhold, Gio},
  journal={IEEE Transactions on pattern analysis and machine intelligence},
  volume={23},
  number={9},
  pages={947--963},
  year={2001},
  publisher={IEEE}
}


@article{elalami2014new,
  title={A new matching strategy for content based image retrieval system},
  author={ElAlami, M Esmel},
  journal={Applied Soft Computing},
  volume={14},
  pages={407--418},
  year={2014},
  publisher={Elsevier}
}

@article{torralba200880,
  title={80 million tiny images: A large data set for nonparametric object and scene recognition},
  author={Torralba, Antonio and Fergus, Rob and Freeman, William T},
  journal={IEEE transactions on pattern analysis and machine intelligence},
  volume={30},
  number={11},
  pages={1958--1970},
  year={2008},
  publisher={IEEE}
}

@article{alzu2015semantic,
  title={Semantic content-based image retrieval: A comprehensive study},
  author={Alzu’bi, Ahmad and Amira, Abbes and Ramzan, Naeem},
  journal={Journal of Visual Communication and Image Representation},
  volume={32},
  pages={20--54},
  year={2015},
  publisher={Elsevier}
}

@article{liu2015content,
  title={Content-based image retrieval using computational visual attention model},
  author={Liu, Guang-Hai and Yang, Jing-Yu and Li, ZuoYong},
  journal={pattern recognition},
  volume={48},
  number={8},
  pages={2554--2566},
  year={2015},
  publisher={Elsevier}
}

@inproceedings{midha2014analysis,
  title={Analysis of RGB and YCbCr color spaces using wavelet transform},
  author={Midha, Sakshi and Vijay, Ritu and Kumari, Sarita},
  booktitle={Advance Computing Conference (IACC), 2014 IEEE International},
  pages={1004--1007},
  year={2014},
  organization={IEEE}
}

@article{zhou2016places,
  title={Places: An image database for deep scene understanding},
  author={Zhou, Bolei and Khosla, Aditya and Lapedriza, Agata and Torralba, Antonio and Oliva, Aude},
  journal={arXiv preprint arXiv:1610.02055},
  year={2016}
}

@article{canny1986computational,
  title={A computational approach to edge detection},
  author={Canny, John},
  journal={IEEE Transactions on pattern analysis and machine intelligence},
  number={6},
  pages={679--698},
  year={1986},
  publisher={IEEE}
}

@article{prajapatiedge,
  title={Edge Histogram Descriptor, Geometric Moment and Sobel Edge Detector Combined Features Based Object Recognition and Retrieval System},
  author={Prajapati, Neetesh and Nandanwar, Amit Kumar}
}

@book{jain1995machine,
  title={Machine vision},
  author={Jain, Ramesh and Kasturi, Rangachar and Schunck, Brian G},
  volume={5},
  year={1995},
  publisher={McGraw-Hill New York},
  pages={140--180}
}

@article{hinton2006reducing,
  title={Reducing the dimensionality of data with neural networks},
  author={Hinton, Geoffrey E and Salakhutdinov, Ruslan R},
  journal={science},
  volume={313},
  number={5786},
  pages={504--507},
  year={2006},
  publisher={American Association for the Advancement of Science}
}

@inproceedings{tong2001support,
  title={Support vector machine active learning for image retrieval},
  author={Tong, Simon and Chang, Edward},
  booktitle={Proceedings of the ninth ACM international conference on Multimedia},
  pages={107--118},
  year={2001},
  organization={ACM}
}

@article{powers2011evaluation,
  title={Evaluation: from precision, recall and F-measure to ROC, informedness, markedness and correlation},
  author={Powers, David Martin},
  year={2011},
  publisher={Bioinfo Publications}
}

@inproceedings{prochazka2008wavelet,
  title={Wavelet transform use for feature extraction and EEG signal segments classification},
  author={Prochazka, Ales and Kukal, Jaromir and Vysata, Oldrich},
  booktitle={Communications, Control and Signal Processing, 2008. ISCCSP 2008. 3rd International Symposium on},
  pages={719--722},
  year={2008},
  organization={IEEE}
}

@article{simonyan2014very,
  title={Very deep convolutional networks for large-scale image recognition},
  author={Simonyan, Karen and Zisserman, Andrew},
  journal={arXiv preprint arXiv:1409.1556},
  year={2014}
}

@article{judd1975color,
  title={Color in business, science, and industry},
  author={Judd, Deane Brewster and Wyszecki, Gunter and others},
  year={1975},
  publisher={Wiley}
}


@electronic{coreldataset2017,
  author={Tao, Dacheng},
  title={The COREL Database for Content based Image Retrieval, dct-research},
  url={https://sites.google.com/site/dctresearch/Home/content-based-image-retrieval}    
}


@article{russakovsky2015imagenet,
  title={Imagenet large scale visual recognition challenge},
  author={Russakovsky, Olga and Deng, Jia and Su, Hao and Krause, Jonathan and Satheesh, Sanjeev and Ma, Sean and Huang, Zhiheng and Karpathy, Andrej and Khosla, Aditya and Bernstein, Michael and others},
  journal={International Journal of Computer Vision},
  volume={115},
  number={3},
  pages={211--252},
  year={2015},
  publisher={Springer}
}

@inproceedings{szegedy2015going,
  title={Going deeper with convolutions},
  author={Szegedy, Christian and Liu, Wei and Jia, Yangqing and Sermanet, Pierre and Reed, Scott and Anguelov, Dragomir and Erhan, Dumitru and Vanhoucke, Vincent and Rabinovich, Andrew},
  booktitle={Proceedings of the IEEE Conference on Computer Vision and Pattern Recognition},
  pages={1--9},
  year={2015}
}

@inproceedings{krizhevsky2012imagenet,
  title={Imagenet classification with deep convolutional neural networks},
  author={Krizhevsky, Alex and Sutskever, Ilya and Hinton, Geoffrey E},
  booktitle={Advances in neural information processing systems},
  pages={1097--1105},
  year={2012}
}
